<record><leader>00000cas a22000007a 4500</leader><controlfield tag="001">9875810</controlfield><controlfield tag="008">830902d18871888ksuwr ne      0    0eng d</controlfield><controlfield tag="009">3789</controlfield><datafield ind1=" " ind2=" " tag="010"><subfield code="a">sn 83040691 </subfield></datafield><datafield ind1=" " ind2=" " tag="040"><subfield code="a">KSH</subfield><subfield code="b">eng</subfield><subfield code="c">KSH</subfield><subfield code="d">NPT</subfield></datafield><datafield ind1="1" ind2=" " tag="029"><subfield code="a">AU@</subfield><subfield code="b">000025801907</subfield></datafield><datafield ind1=" " ind2=" " tag="042"><subfield code="a">msc</subfield></datafield><datafield ind1=" " ind2=" " tag="043"><subfield code="a">n-us-ks</subfield></datafield><datafield ind1="0" ind2=" " tag="130"><subfield code="a">Chase County republican (Strong City, Kan. : 1887)</subfield></datafield><datafield ind1="0" ind2="0" tag="245"><subfield code="a">Chase County republican.</subfield></datafield><datafield ind1=" " ind2=" " tag="260"><subfield code="a">Strong City, Kan. :</subfield><subfield code="b">Frank D. Weller &amp; D.A. Ellsworth,</subfield><subfield code="c">1887-1888.</subfield></datafield><datafield ind1=" " ind2=" " tag="300"><subfield code="a">1 v. ;</subfield><subfield code="c">59 cm.</subfield></datafield><datafield ind1=" " ind2=" " tag="310"><subfield code="a">Weekly</subfield></datafield><datafield ind1="0" ind2=" " tag="362"><subfield code="a">Vol. 1, no. 1 (Oct. 15, 1887)-v. 1, no. 14 (Jan. 14, 1888)</subfield></datafield><datafield ind1=" " ind2=" " tag="500"><subfield code="a">Published on Saturday.</subfield></datafield><datafield ind1=" " ind2=" " tag="530"><subfield code="a">Available on microfilm from Micro Photo.</subfield></datafield><datafield ind1=" " ind2=" " tag="500"><subfield code="a">Editor: Frank D. Weller.</subfield></datafield><datafield ind1="1" ind2=" " tag="700"><subfield code="a">Weller, Frank D.</subfield></datafield><datafield ind1="1" ind2=" " tag="700"><subfield code="a">Ellsworth, D. A.</subfield></datafield><datafield ind1=" " ind2=" " tag="752"><subfield code="a">United States</subfield><subfield code="b">Kansas</subfield><subfield code="c">Chase</subfield><subfield code="d">Strong City.</subfield></datafield><datafield ind1="0" ind2="7" tag="785"><subfield code="t">Strong City independent</subfield><subfield code="w">(DLC)sn 83040690</subfield></datafield><datafield ind1="0" ind2="7" tag="785"><subfield code="t">Chase County republican and independent</subfield><subfield code="w">(DLC)sn 83040664</subfield></datafield></record>